@article{slattery23pscomlaxid,
    title = {Pseudocommutativity and lax idempotency for relative pseudomonads},
    journaltitle = {Theory and Applications of Categories},
	author = {Slattery, Andrew},
	date = {2023}
}
@inproceedings{slattery25hflifting,
    author = {Slattery, Andrew and Sterling, Jon},
    title = {Hofmannâ€“Streicher lifting of fibred categories},
    year = {2025},
    booktitle = {Proceedings of the 40th Annual ACM/IEEE Symposium on Logic in Computer Science (LICS)},
    publisher = {ACM/IEEE}
}

@article{arkor25bicatalgrelpsm,
    title = {Bicategories of algebras for relative pseudomonads},
    journaltitle = {preprint},
    author = {Arkor, Nathanael and Saville, Philip and Slattery, Andrew},
    date = {2025}
}